<?xml version="1.0" encoding="UTF-8"?><collection xmlns="http://www.loc.gov/MARC21/slim"><record><leader>00431nam--2200157-i-4500</leader><controlfield tag="001">000001272</controlfield><controlfield tag="002">20161230</controlfield><controlfield tag="005">20170110235129</controlfield><controlfield tag="008">060222s1000------------r-----000-0-eng-d</controlfield><datafield ind1=" " ind2=" " tag="100"><subfield code="a">Goodman, C.H.L</subfield></datafield><datafield ind1=" " ind2=" " tag="245"><subfield code="a">The prediction of semiconducting properties in inorganic compounds</subfield></datafield><datafield ind1=" " ind2=" " tag="260"><subfield code="a">London</subfield><subfield code="b">General Electric Co</subfield><subfield code="c">1958</subfield></datafield><datafield ind1=" " ind2=" " tag="300"><subfield code="a">10 p</subfield></datafield><datafield ind1=" " ind2=" " tag="490"><subfield code="a">J.Phys.Chem.Solids, 6</subfield></datafield><datafield ind1=" " ind2=" " tag="852"><subfield code="a">6198</subfield></datafield><datafield ind1=" " ind2=" " tag="CAT"><subfield code="a">SYS</subfield><subfield code="c">20170110</subfield><subfield code="h">235129</subfield></datafield></record></collection>